@article{wiki_gaussian_int,
author = {Wikipedia},
title = {{Gaussian integral}},
url = {https://en.wikipedia.org/w/index.php?title=Gaussian_integral&oldid=920544461},
year = {2019}
}
@article{wiki_eigendecomp,
author = {Wikipedia},
title = {{Eigendecomposition of a matrix}},
url = {https://en.wikipedia.org/w/index.php?title=Eigendecomposition_of_a_matrix&oldid=918998058#Eigendecomposition_of_a_matrix},
year = {2019}
}
@article{wiki_det_inequalities,
author = {Wikipedia},
title = {{Properties of the determinant}},
url = {https://en.wikipedia.org/w/index.php?title=Determinant&oldid=922725964#Properties_of_the_determinant},
year = {2019}
}

@article{osgood_chapter8,
author = {Brad Osgood},
title = {{Lecture Notes for EE 261: The Fourier Transform and its Applications, Chapter 8: n-dimensional Fourier Transform}},
url = {https://see.stanford.edu/materials/lsoftaee261/chap8.pdf},
year = {2007}
}
@book{osgood_book,
author = {Brad Osgood},
title = {{Lecture Notes for EE 261: The Fourier Transform and its Applications}},
url = {https://see.stanford.edu/materials/lsoftaee261/book-fall-07.pdf},
year = {2007}
}
